@article{lazutka2003gyventojku,
  title={Gyventoj{\k{u}} pajam{\k{u}} nelygyb{\.e}},
  author={Lazutka, Romas},
  journal={Filosofija. Sociologija},
  number={2},
  pages={22--29},
  year={2003}
}
@article{skuvciene2008pajamku,
  title={Pajam{\k{u}} nelygyb{\.e} Lietuvoje},
  author={Sku{\v{c}}ien{\.e}, Daiva},
  journal={Filosofija. Sociologija},
  volume={19},
  number={4},
  pages={22--33},
  year={2008}
}
@article{zabarauskaite2012gyventojku,
  title={GYVENTOJ{\k{U}} PAJAM{\k{U}} NELYGYB{\.E} EKONOMINI{\k{U}} CIKL{\k{U}} KONTEKSTE.},
  author={Zabarauskait{\.e}, Rasa and Bla{\v{z}}ien{\.e}, Inga},
  journal={Business: Theory \& Practice},
  volume={13},
  number={2},
  year={2012}
}
@article{lisauskaite2010lietuvos,
  title={Lietuvos gyventoj{\k{u}} pajam{\k{u}} ir vartojimo diferenciacija},
  author={Lisauskait{\.e}, Vaida and others},
  journal={Verslas: teorija ir praktika},
  number={3},
  pages={266--278},
  year={2010},
  publisher={Vilnius Gediminas Technical University}
}
@article{vitunskiene2002kaimo,
  title={Kaimo gyventoj{\k{u}} pajam{\k{u}} nelygyb{\.e} bei jos ekonominiai ir socialiniai veiksniai},
  author={Vitunskien{\.e}, Vlada},
  journal={{\v{Z}}em{\.e}s {\=u}kio mokslai},
  number={4},
  pages={38--48},
  year={2002}
}
@article{litchfield1999inequality,
  title={Inequality: Methods and tools},
  author={Litchfield, Julie A},
  journal={World Bank},
  volume={4},
  year={1999}
}
@article{vciulevivcius2008lietuvos,
  title={Lietuvos gyventoj{\k{u}} ekonomin{\.e} nelygyb{\.e} ir jos {\k{i}}vertinimo tobulinimas},
  author={{\v{C}}iulevi{\v{c}}ius, Jonas and {\v{C}}iulevi{\v{c}}ien{\.e}, Vida},
  journal={Vadybos mokslas ir studijos-kaimo versl{\k{u}} ir j{\k{u}} infrastrukt{\=u}ros pl{\.e}trai},
  number={1},
  pages={49--56},
  year={2008}
}
@article{buivydas2011ar,
  title={Ar ekonomin{\.e} nelygyb{\.e} turi {\k{i}}takos sveikatos ar kitiems socialiniams-ekonominiams {\v{s}}alies rodikliams},
  author={Buivydas, Romualdas and {\v{C}}erniauskas, Gediminas},
  journal={SEC ap{\v{z}}valga},
  volume={4},
  pages={1--3},
  year={2011}
}
@article{kelly2000inequality,
  title={Inequality and crime},
  author={Kelly, Morgan},
  journal={Review of economics and Statistics},
  volume={82},
  number={4},
  pages={530--539},
  year={2000},
  publisher={MIT Press}
}